@book{ip1,
  title={{Istraživanje podataka 1}},
  author={Nenad Mitić},
  note={\url{http://www.matf.bg.ac.rs/~nenad/ip1.html}}
}

@book{ip2,
  title={{Istraživanje podataka 2}},
  author={Nenad Mitić},
  note={ \url{http://www.matf.bg.ac.rs/~nenad/ip2.html}}

}
@book{vi,
  title={{Veštačka inteligencija}},
  author={Predrag Janičić, Mladen Nikolić},
 note={ \url{http://poincare.matf.bg.ac.rs/~janicic\\courses/vi.pdf}}

}
@book{mk,
  title={{Data mining: Concepts, Models, Methods, and Algorithms, 2nd. ed., John Wiley \& Sons 2011 }},
  author={Mehmed Kantardžić },

}
@book{tan,
  title={{ Introduction to Data Mining, 2nd ed, Pearson Education, 2019 }},
  author={P.N.Tan, M. Steinbach, A. Karpatne}

}
@book{s,
  title={{Scikit-learn. }},
 note={ \url{https://scikit-learn.org/}}

}
@book{p,
  title={{Pandas}},
 note={ \url{https://pandas.pydata.org/pandas-docs/}}

}
@book{c,
  title={{Google colab research}},
 note={ \url{https://colab.research.google.com/ }}

}
@book{vi2,
  title={{Vestacka inteligencija}},
  author={Nemanja Mićović},
 note={ \url{http://poincare.matf.bg.ac.rs/~nemanja_micovic/vi.html}}

}


}

